@COMMENT{prop_spec.bib -8/20/2013} 
@COMMENT{BibTex for CIS400/401 Project Proposal Specification}
@COMMENT{Note that in practice these citation blocks are found online. You should not be manually entering paper and journal names unless you really cannot find the citation. Usually if you google "[paper name] bibtex" something will come up.}

@misc{mitre2005cve,
  title={Common Vulnerabilities and Exposures},
  author={MITRE, CVE},
  year={2005},
  howpublished={\url{https://cve.mitre.org/}}
}

@book{fowler1999,
  title={Refactoring: Improving the design of existing code},
  author={M Fowler},
  year={1999},
  publisher={Addison-Wesley}}

@book{pressman1997,
  title={Software Engineering: A Practicioner's Approach},
  author={Pressman, R},
  edition={4},
  publisher={McGraw-Hill},
  year={1997}
}

@misc{moha2009duchien,
  title={DECOR: A Method for the Specification and Detection of Code and Design Smells},
  author={Naouel Moha and Yann-Gael Gueheneuc and Laurence Duchien and Anne-Francoise Le Meur},
  year={2009},
  howpublished={\url{http://www.archipel.uqam.ca/5165/1/Moha09-TSE.pdf}}
}

@misc{palomba,
  title={Detecting Bad Smells in Source Code Using Change History Information},
  author={Fabio Palomba and Gabriele Bavota and Massimiliano Di Penta and Rocco Oliveto and Andrea De Lucia and Denys Poshyvanyk},
  year={},
  howpublished={\url{http://www.cs.wm.edu/~denys/pubs/ASE%2713-HIST-Camera.pdf}}
}

@misc{allen2009ohloh,
  title={Ohloh Web Site},
  author={Allen, J and Collison, S and Luckey, R},
  year={2009},
  howpublished={\url{https://www.ohloh.net/}}
}

@misc{mitre2006cwe,
  title={Common Weakness Enumeration},
  author={MITRE, CWE},
  year={2006},
  howpublished={\url{https://cwe.mitre.org/}}
}

@misc{webappsec2012,
  title={Static Code Analysis Tools},
  author={The Web Application Security Consortium},
  year={2012},
  howpublished={\url{http://projects.webappsec.org/w/page/61622133/StaticCodeAnalysisList}}
}

@misc{nist2005samate,
  title={Software Assurance Metrics and Tool Evaluation},
  author={National Institute of Standards and Technology},
  year={2005},
  howpublished={\url{http://samate.nist.gov/Main_Page.html}}
}

@article{iso2011iec,
  title={IEC 25010: 2011: Systems and software engineering--Systems and software Quality Requirements and Evaluation (SQuaRE)--System and software quality models},
  author={ISO, ISO},
  journal={International Organization for Standardization},
  year={2011}
}

@techreport{park1992software,
  title={Software size measurement: A framework for counting source statements},
  author={Park, Robert E},
  year={1992},
  institution={DTIC Document}
}

@book{halstead1977elements,
    title={Elements of Software Science},
    author={Halstead, Maurice H},
    year={1977},
    publisher={Elsevier Science Inc.}
}

@article{mccabe1976complexity,
  title={A Complexity Measure},
  author={McCabe, Thomas J},
  journal={Software Engineering, IEEE Transactions on},
  number={4},
  pages={308--320},
  year={1976},
  publisher={IEEE}
}

@article{chidamber1994metrics,
  title={A metrics suite for object oriented design},
  author={Chidamber, Shyam R and Kemerer, Chris F},
  journal={Software Engineering, IEEE Transactions on},
  volume={20},
  number={6},
  pages={476--493},
  year={1994},
  publisher={IEEE}
}

@book{boehm2000software,
  title={Software Cost Estimation with Cocomo II with Cdrom},
  author={Boehm, Barry W and Madachy, Ray and Steece, Bert and others},
  year={2000},
  publisher={Prentice Hall PTR}
}

@inproceedings{christey2005plover,
  title={PLOVER: Preliminary list of vulnerability examples for researchers},
  author={Christey, Steve},
  booktitle={NIST Workshop Defining the State of the Art of Software Security Tools},
  year={2005}
}

@inproceedings{boehm1976quantitative,
  title={Quantitative evaluation of software quality},
  author={Boehm, Barry W and Brown, John R and Lipow, Myron},
  booktitle={Proceedings of the 2nd international conference on Software engineering},
  pages={592--605},
  year={1976},
  organization={IEEE Computer Society Press}
}

@book{leveson1995therac,
  title={Safeware: System Safety and Computers},
  author={Leveson, Nancy},
  year={1995},
  publisher={Addison-Wesley}
}

@misc{cmurphlecture,
  title={CIS350 Lecture Notes},
  author={Muphy, Chris},
  year={2013},
  school={University of Pennsylvania}
}

@book{mcconnell1993codecomplete,
  title={Code Complete},
  author={McConnell, Steve},
  year={1993},
  publisher={Microsoft Press}
}

@misc{grammatech2013codesonar,
  title={CodeSonar},
  author={GrammaTech},
  year={2013},
  howpublished={\url{http://www.grammatech.com/codesonar}}
}

@misc{klocwork2013insight,
  title={Klocwork Insight},
  author={Klocwork},
  year={2013},
  howpublished={\url{http://www.klocwork.com/products/insight}}
}

@misc{pugh2013findbugs,
  title={FindBugs},
  author={Pugh, Bill and Loskutov, Andrey},
  year={2013},
  howpublished={\url{http://findbugs.sourceforge.net}}
}

@misc{scovetta2007yasca,
  title={Yasca},
  author={Scovetta, Michael},
  year={2007},
  howpublished={\url{http://www.scovetta.com/yasca.html}}
}

@article{dean2008mapreduce,
  title={MapReduce: simplified data processing on large clusters},
  author={Dean, Jeffrey and Ghemawat, Sanjay},
  journal={Communications of the ACM},
  volume={51},
  number={1},
  pages={107--113},
  year={2008},
  publisher={ACM}
}

@misc{close2013jocs,
  title={Judgement of Code Style},
  author={Close, Nathan and Hawkins, Amalia and Sureshkumar, Sworupini and others},
  year={2013},
  publisher={University of Pennsylvania}
}

@misc{oracle2013reflection,
  title={Java Reflection API},
  author={Oracle},
  year={2013},
  publisher={\url{http://docs.oracle.com/javase/tutorial/reflect/}}
}
