
@COMMENT{Rado Ivanov - prop_spec.bib -8/20/2013} 
@COMMENT{BibTex for CIS400/401 Project Proposal Specification}
@COMMENT{Note that in practice these citation blocks are found online. You should not be manually entering paper and journal names unless you really cannot find the citation. Usually if you google "[paper name] bibtex" something will come up.

@inproceedings{wang13,
 author = {Wang, Shaohui and Ayoub, Anaheed and Ivanov, Radoslav and Sokolsky, Oleg and Lee, Insup},
 title = {Contract-based blame assignment by trace analysis},
 booktitle = {Proceedings of the 2nd ACM international conference on High confidence networked systems},
 series = {HiCoNS '13},
 year = {2013},
 isbn = {978-1-4503-1961-4},
 location = {Philadelphia, Pennsylvania, USA},
 pages = {117--126},
 publisher = {ACM},
 address = {New York, NY, USA},
} 


@COMMENT{Formatting URL's in bibliographies is no convenient task. We're trying to work out a better solution -- but for now we just examine the output and manually insert spaces where they are most appropriate (as below).}
	
@MISC{latex_wikibook,
	author = "Wikibooks",
	title = "La{T}e{X}",
	howpublished = {\texttt{http://en.wikibooks.org/wiki/ LaTeX}},
	note = "Note: Students should not cite Wikis!"
}

@MISC{ctan_pdf,
	author = "The Comprehensive TeX Archive Network (CTAN)",
	title = "A (Not So) Short Introduction to {LaTeX2e}",
	howpublished = {\texttt{http://www. ctan.org/tex-archive/info/lshort/english/}},
}
