
@COMMENT{prop_spec.bib -8/20/2013} 
@COMMENT{BibTex for CIS400/401 Project Proposal Specification}
@COMMENT{Note that in practice these citation blocks are found online. You should not be manually entering paper and journal names unless you really cannot find the citation. Usually if you google "[paper name] bibtex" something will come up.

@book{jonassen2013handbook,
  title={Handbook of research for educational communications and technology},
  author={Jonassen, David and Driscoll, Marcy},
  volume={2},
  year={2013},
  publisher={Routledge}
}

@article{azuma2001recent,
  title={Recent advances in augmented reality},
  author={Azuma, Ronald and Baillot, Yohan and Behringer, Reinhold and Feiner, Steven and Julier, Simon and MacIntyre, Blair},
  journal={Computer Graphics and Applications, IEEE},
  volume={21},
  number={6},
  pages={34--47},
  year={2001},
  publisher={IEEE}
}

@article{van2010survey,
  title={A survey of augmented reality technologies, applications and limitations},
  author={Van Krevelen, DWF and Poelman, R},
  journal={International Journal of Virtual Reality},
  volume={9},
  number={2},
  pages={1},
  year={2010}
}

RANDOM AMAZON URL

@article{kaufmann2003mathematics,
  title={Mathematics and geometry education with collaborative augmented reality},
  author={Kaufmann, Hannes and Schmalstieg, Dieter},
  journal={Computers \& Graphics},
  volume={27},
  number={3},
  pages={339--345},
  year={2003},
  publisher={Elsevier}
}

@inproceedings{kaufmann2008simulating,
    title={Simulating educational physical experiments in augmented reality},
    author={Kaufmann, Hannes and Meyer, Bernd},
    booktitle={ACM SIGGRAPH ASIA 2008 educators programme},
    pages={3},
    year={2008},
    organization={ACM}
}

@article{taxen2001cybermath,
    title={CyberMath: A shared virtual environment for mathematics exploration},
    author={Tax{\'e}n, Gustav and Naeve, Ambj{\"o}rn},
    journal={Center for User Oriented IT Design, Royal Institute of Technology, Technical Report CID-129, Stockholm, Sweden},
    year={2001}
}

@article{mantovani200112,
  title={12 VR Learning: Potential and Challenges for the Use of 3D Environments in Education and Training},
  author={Mantovani, Fabrizia},
  journal={Towards CyberPsychology: mind, cognition and society in the internet age},
  volume={2},
  number={1ntroduction},
  pages={207},
  year={2001},
  publisher={IOS Press}
}

@article{schmalstieg2002studierstube,
  title={The studierstube augmented reality project},
  author={Schmalstieg, Dieter and Fuhrmann, Anton and Hesina, Gerd and Szalav{\'a}ri, Zsolt and Encarna{\c{c}}ao, L Miguel and Gervautz, Michael and Purgathofer, Werner},
  journal={Presence: Teleoperators and Virtual Environments},
  volume={11},
  number={1},
  pages={33--54},
  year={2002},
  publisher={MIT Press}
}

@inproceedings{carlsson1993dive,
  title={DIVE A multi-user virtual reality system},
  author={Carlsson, Christer and Hagsand, Olof},
  booktitle={Virtual Reality Annual International Symposium, 1993., 1993 IEEE},
  pages={394--400},
  year={1993},
  organization={IEEE}
}

@article{kaufmann2009dynamic,
  title={Dynamic differential geometry in education},
  author={Kaufmann, Hannes},
  journal={Journal for Geometry and Graphics},
  volume={13},
  number={2},
  pages={131--144},
  year={2009},
  publisher={Citeseer}
}

@incollection{kaufmann2007summary,
  title={Summary of usability evaluations of an educational augmented reality application},
  author={Kaufmann, Hannes and D{\"u}nser, Andreas},
  booktitle={Virtual Reality},
  pages={660--669},
  year={2007},
  publisher={Springer}
}

@misc{TUW-176085,
  title={Applications of Mixed Reality},
  author={Kaufmann, Hannes},
  title={Applications of Mixed Reality},
  year={2009},
  publisher={Habilitationsschrift}
}

@article{kaufmann2007multiple,
  title={Multiple Head Mounted Displays in Virtual and Augmented Reality Applications.},
  author={Kaufmann, Hannes and Csisinko, Mathis},
  journal={IJVR},
  volume={6},
  number={2},
  pages={43--50},
  year={2007},
  publisher={Citeseer}
}
